@article{rubin2005,
  title={Causal inference using potential outcomes: Design, modeling, decisions},
  author={Rubin, Donald B},
  journal={Journal of the American Statistical Association},
  volume={100},
  number={469},
  pages={322--331},
  year={2005},
  publisher={Taylor \& Francis}
}

@book{book-mixtape,
  title={Causal inference: The mixtape},
  author={Cunningham, Scott},
  year={2021},
  publisher={Yale University Press},
note={\url{https://mixtape.scunning.com/index.html}}
}

@misc{bayesuvius,
title="Bayesuvius (book)",
author="Robert R. Tucci",
howpublished="\url{
https://github.com/rrtucci/Bayesuvius/raw/master/main.pdf}"
}

@book{alves-book,
  title={Causal Inference for The Brave and True},
  author={Facure Alves, Matheus},
  year={2021},
note={\url{https://matheusfacure.github.io/python-causality-handbook/landing-page.html}}
}

